<record><leader>00000cas a22000007a 4500</leader><controlfield tag="001">10945482</controlfield><controlfield tag="008">840713d1980199uncuwr ne      0   a0eng d</controlfield><datafield ind1=" " ind2=" " tag="010"><subfield code="a">sn 84008740 </subfield></datafield><datafield ind1=" " ind2=" " tag="040"><subfield code="a">NSD</subfield><subfield code="b">eng</subfield><subfield code="c">NSD</subfield><subfield code="d">NVJ</subfield><subfield code="d">OCLCQ</subfield><subfield code="d">OCLCF</subfield><subfield code="d">OCLCO</subfield></datafield><datafield ind1=" " ind2=" " tag="012"><subfield code="m">1</subfield></datafield><datafield ind1="1" ind2=" " tag="022"><subfield code="a">8750-0418</subfield><subfield code="l">8750-0418</subfield><subfield code="2">1</subfield></datafield><datafield ind1=" " ind2=" " tag="032"><subfield code="a">547010</subfield><subfield code="b">USPS</subfield></datafield><datafield ind1=" " ind2=" " tag="042"><subfield code="a">nsdp</subfield><subfield code="a">msc</subfield></datafield><datafield ind1=" " ind2="0" tag="222"><subfield code="a">Outer Banks current</subfield></datafield><datafield ind1="0" ind2="0" tag="245"><subfield code="a">Outer Banks current.</subfield></datafield><datafield ind1="1" ind2="3" tag="246"><subfield code="a">Current</subfield></datafield><datafield ind1="3" ind2="3" tag="246"><subfield code="a">Outer Banks current attractions</subfield></datafield><datafield ind1="3" ind2="3" tag="246"><subfield code="a">Sea shelters</subfield></datafield><datafield ind1=" " ind2=" " tag="260"><subfield code="a">Manteo, N.C. :</subfield><subfield code="b">Dare Pub. Co., Inc.,</subfield></datafield><datafield ind1=" " ind2=" " tag="310"><subfield code="a">Weekly</subfield></datafield><datafield ind1="0" ind2=" " tag="362"><subfield code="a">Vol. 1, no. 1 (Apr. 16, 1980)-</subfield></datafield><datafield ind1=" " ind2=" " tag="500"><subfield code="a">Published as: Current, Sept. 18, 1980-Apr. 30, 1981.</subfield></datafield><datafield ind1=" " ind2=" " tag="500"><subfield code="a">Published in Kill Devil Hills, N.C., &lt;Apr. 14, 1983&gt;-</subfield></datafield><datafield ind1=" " ind2=" " tag="500"><subfield code="a">Published weekly entertainment supplement: Outer Banks current attractions, Apr. 1984-Sept. 17, 1984.</subfield></datafield><datafield ind1=" " ind2=" " tag="500"><subfield code="a">Published monthly real estate supplement: Sea shelters.</subfield></datafield><datafield ind1=" " ind2="0" tag="651"><subfield code="a">Manteo (N.C.)</subfield><subfield code="v">Newspapers.</subfield></datafield><datafield ind1=" " ind2="0" tag="651"><subfield code="a">Dare County (N.C.)</subfield><subfield code="v">Newspapers.</subfield></datafield><datafield ind1=" " ind2="7" tag="655"><subfield code="a">Newspapers.</subfield><subfield code="2">fast</subfield><subfield code="0">(OCoLC)fst01423814</subfield></datafield><datafield ind1=" " ind2="7" tag="651"><subfield code="a">North Carolina</subfield><subfield code="z">Dare County.</subfield><subfield code="2">fast</subfield><subfield code="0">(OCoLC)fst01220347</subfield></datafield><datafield ind1=" " ind2="7" tag="651"><subfield code="a">North Carolina</subfield><subfield code="z">Manteo.</subfield><subfield code="2">fast</subfield><subfield code="0">(OCoLC)fst01203401</subfield></datafield><datafield ind1=" " ind2=" " tag="752"><subfield code="a">United States</subfield><subfield code="b">North Carolina</subfield><subfield code="c">Dare</subfield><subfield code="d">Kill Devil Hills.</subfield></datafield><datafield ind1=" " ind2=" " tag="752"><subfield code="a">United States</subfield><subfield code="b">North Carolina</subfield><subfield code="c">Dare</subfield><subfield code="d">Manteo.</subfield></datafield><datafield ind1=" " ind2=" " tag="936"><subfield code="a">June 28, 1984</subfield></datafield></record>